<record><leader>00000cas a2200000 a 4500</leader><controlfield tag="001">12299266</controlfield><controlfield tag="008">850724d18781881ksuwr ne      0    0eng d</controlfield><datafield ind1=" " ind2=" " tag="010"><subfield code="a">sn 85029522 </subfield></datafield><datafield ind1=" " ind2=" " tag="040"><subfield code="a">KSH</subfield><subfield code="b">eng</subfield><subfield code="c">KSH</subfield><subfield code="d">NPT</subfield><subfield code="d">OCL</subfield><subfield code="d">OCLCQ</subfield></datafield><datafield ind1=" " ind2=" " tag="042"><subfield code="a">msc</subfield></datafield><datafield ind1="0" ind2="4" tag="245"><subfield code="a">The Chronoscope.</subfield></datafield><datafield ind1=" " ind2=" " tag="260"><subfield code="a">Larned, Kan. :</subfield><subfield code="b">H. Inman,</subfield><subfield code="c">-1881.</subfield></datafield><datafield ind1=" " ind2=" " tag="300"><subfield code="a">v. ;</subfield><subfield code="c">66 cm.</subfield></datafield><datafield ind1=" " ind2=" " tag="310"><subfield code="a">Weekly</subfield></datafield><datafield ind1="0" ind2=" " tag="362"><subfield code="a">-v. 4, no. 3 (Mar. 25, 1881).</subfield></datafield><datafield ind1="1" ind2=" " tag="362"><subfield code="a">Began in 1878.</subfield><subfield code="z">Cf. Rowell, 1879.</subfield></datafield><datafield ind1=" " ind2=" " tag="500"><subfield code="a">Published by R.H. Ballinger, July 9, 1880-Mar. 25, 1881.</subfield></datafield><datafield ind1=" " ind2=" " tag="588"><subfield code="a">Description based on: Vol. 1, no. 40 (Dec. 11, 1878).</subfield></datafield><datafield ind1=" " ind2=" " tag="752"><subfield code="a">United States</subfield><subfield code="b">Kansas</subfield><subfield code="c">Pawnee</subfield><subfield code="d">Larned.</subfield></datafield><datafield ind1="0" ind2="0" tag="780"><subfield code="t">Larned press</subfield><subfield code="w">(DLC)sn 85029532</subfield></datafield><datafield ind1="0" ind2="0" tag="785"><subfield code="t">Larned chronoscope (Larned, Kan. : 1881)</subfield><subfield code="w">(OCoLC)8807234</subfield></datafield><datafield ind1="1" ind2=" " tag="029"><subfield code="a">AU@</subfield><subfield code="b">000020386002</subfield></datafield></record>